@Article{Marshalletal2007,
	journal = {JOURNAL OF THE ATMOSPHERIC SCIENCES},
	year = 2007,
	author = {Marshall, John},
	title = {Mean Climate and Variability of the Atmosphere and Ocean on an Aquaplanet},
	volume = 64
}
@Book{book_key,
	address = {City},
	publisher = {Publisher},
	author = {Smith, John},
	title = {Book title},
	year = 2012,
	volume = 3,
	series = 2,
	edition = 1,
	pages = {123--200},
	month = {January}
}
@Article{article_key,
	address = {City},
	publisher = {Publisher},
	author = {Smith, James},
	title = {Article title},
	year = 2013,
	volume = 14,
	number = 6,
	pages = {1--8},
	month = {March}
}
